01REMESSA01COBRANCA       123400123456        NOME DO CEDENTE LTDA.         341BANCO ITAU S.A.060513                                                                                                                                                                                                                                                                                                      000001
10201001001000113123400123456                                 000000020000000000000001                     I011000      26051300000000123453410000001N060513000000000000000000000000000000000000000000000000000000000000000100011111111111MARIA PEREIRA                           AV. BRASIL, N. 35                                   01000000SAO PAULO      SP                                  00000000 000002
10201001001000113123400123456                                 000000030000000000000001                     I011000      26051300000000123453410000001N060513000000000000000000000000000000000000000000000000000000000000000100011111111111MARIA PEREIRA                           AV. BRASIL, N. 35                                   01000000SAO PAULO      SP                                  00000000 000003
10201001001000113123400123456                                 000000040000000000000001                     I011000      26051300000000123453410000001N060513000000000000000000000000000000000000000000000000000000000000000100011111111111MARIA PEREIRA                           AV. BRASIL, N. 35                                   01000000SAO PAULO      SP                                  00000000 000004
10201001001000113123400123456                                 000000050000000000000001                     I011000      26051300000000123453410000001N060513000000000000000000000000000000000000000000000000000000000000000100011111111111MARIA PEREIRA                           AV. BRASIL, N. 35                                   01000000SAO PAULO      SP                                  00000000 000005
10201001001000113123400123456                                 000000060000000000000001                     I011000      26051300000000123453410000001N060513000000000000000000000000000000000000000000000000000000000000000100011111111111MARIA PEREIRA                           AV. BRASIL, N. 35                                   01000000SAO PAULO      SP                                  00000000 000006
10201001001000113123400123456                                 000000070000000000000001                     I011000      26051300000000123453410000001N060513000000000000000000000000000000000000000000000000000000000000000100011111111111MARIA PEREIRA                           AV. BRASIL, N. 35                                   01000000SAO PAULO      SP                                  00000000 000007
10201001001000113123400123456                                 000000080000000000000001                     I011000      26051300000000123453410000001N060513000000000000000000000000000000000000000000000000000000000000000100011111111111MARIA PEREIRA                           AV. BRASIL, N. 35                                   01000000SAO PAULO      SP                                  00000000 000008
10201001001000113123400123456                                 000000090000000000000001                     I011000      26051300000000123453410000001N060513000000000000000000000000000000000000000000000000000000000000000100011111111111MARIA PEREIRA                           AV. BRASIL, N. 35                                   01000000SAO PAULO      SP                                  00000000 000009
10201001001000113123400123456                                 000000100000000000000001                     I011000      26051300000000123453410000001N060513000000000000000000000000000000000000000000000000000000000000000100011111111111MARIA PEREIRA                           AV. BRASIL, N. 35                                   01000000SAO PAULO      SP                                  00000000 000010
10201001001000113123400123456                                 000000110000000000000001                     I011000      26051300000000123453410000001N060513000000000000000000000000000000000000000000000000000000000000000100011111111111MARIA PEREIRA                           AV. BRASIL, N. 35                                   01000000SAO PAULO      SP                                  00000000 000011
9                                                                                                                                                                                                                                                                                                                                                                                                         000012
